2860 4724
208 381 282 456 124
362 483 373 500 ,
548 379 733 454 GEORGII
749 378 961 450 SYNGELLI

206 557 258 621 καί
270 551 313 618 ίτι
324 539 542 632 Διοσκοόρων,
563 543 765 632 Ἀσκληπιοῦ,
792 541 949 612 Διονόσου
956 593 966 625 ,
992 538 1099 630 ἢρῶων
1112 563 1144 606 τε
1158 531 1294 618 πόντων,

203 655 315 742 Ἑρμοῦ
337 676 370 716 τε
390 651 440 714 καί
460 644 668 732 Ἀπόλλωνος,
695 655 759 716 τῶν
780 674 812 714 τε
834 653 948 714 λοιπῶν
969 646 1045 732 παρ’
1058 643 1181 726 Ἕλλησι
1196 647 1295 721 θεῶν,

205 755 381 843 μυστηρίων
399 778 432 818 τε
456 753 507 818 καί
529 757 673 835 τελετῶν,
700 748 779 827 Διός
799 775 833 817 τε
856 751 950 816 αὖτοῦ
972 745 1109 836 πράξεων
1131 749 1194 812 τῶν
1214 741 1295 829 παρ’

199 861 321 940 Ἕλλησι
352 855 642 939 μνημονευομένων·
668 853 786 922 τούτων
818 853 877 940 γὰρ
902 849 1044 918 ἁπάντων
1071 848 1127 933 τὴν
1159 846 1297 932 ἱστορίαν

204 961 352 1046 νεωτέραν
378 965 436 1043 τῆς
458 957 619 1044 Κέκροπος
638 956 756 1043 ἡλικίας
780 959 887 1032 παῖδες
901 951 1052 1038 Ἑλλήνων
1075 945 1324 1036 παραδιδόασι.5

205 1063 347 1131 Μωῶσία
371 1063 405 1128 δὲ
424 1059 444 1145 ἡ
464 1068 608 1148 παροῦσυι
628 1061 818 1138 συνεξέτασις
842 1065 904 1126 τῶν
924 1055 1043 1144 χρόνων
1065 1049 1303 1140 γενέσθαικατὰ

205 1167 351 1252 Κίκροπα
374 1163 429 1234 τὸν
455 1167 568 1251 διφυῆ,
596 1162 632 1262 δν
654 1160 776 1252 πρῶτόν
798 1185 875 1250 φασι
888 1167 944 1245 τῆς
953 1160 1090 1243 Ἀττικῆς
1104 1159 1299 1239 βασιλεῦσαι,

206 1270 364 1352 συνίστησι
383 1265 444 1353 πρό
459 1274 522 1334 τῶν
534 1268 671 1334 Ἰλιακῶν
685 1267 765 1352 ἀμφὶ
779 1265 818 1330 τὰ
830 1261 876 1330 τν’
893 1263 956 1347 ἔτη.

109 1397 141 1451 Ρ.
157 1395 192 1454 67
279 1387 349 1454 Ὅτι
362 1387 418 1470 μὲν
431 1378 766 1475 οόναδτδςὲαυτῶτὴν
779 1383 909 1450 ἀτοπίαν
923 1387 980 1447 soi
994 1376 1087 1466 λόγου
1101 1369 1303 1462 μεμαρτόρη-
1418 1443 1419 1450 η

206 1517 256 1558 κεν
262 1489 409 1572 Εδσίβιος
416 1488 585 1575 διρκεῖπρδς
592 1485 776 1571 κατανόησιν
786 1495 851 1563 τοῖς
857 1511 889 1571 γε
903 1489 1008 1559 ποσῶς
1019 1475 1217 1566 μετεσχηκόσι
1226 1504 1300 1544 παι-
1311 1489 1347 1544 to

206 1591 337 1668 δεόσεως
352 1591 447 1675 ἄλλης
460 1617 491 1658 τε
506 1594 556 1657 καί
569 1598 626 1675 τῆς
639 1593 670 1658 ἓν
686 1591 834 1676 ἱστορίαις
848 1593 993 1662 παλαιαῖς
1002 1581 1253 1670 ὁμολογουμένης.
1267 1577 1304 1646 ἓν

206 1695 266 1781 γὰρ
286 1695 370 1782 αὐτῷ
389 1694 467 1781 πρὸς
480 1693 656 1781 ἀνατροπὴν
679 1699 741 1758 τῶν
761 1691 1029 1777 συγγεγραμμίνων
1044 1688 1128 1774 ἤρκει
1143 1691 1234 1751 τοῦτο
1249 1687 1304 1748 καί

207 1794 320 1879 μόνον,
348 1797 384 1862 τό
402 1807 470 1872 ταῖς
484 1795 649 1873 τοσαότυις
665 1792 850 1879 τηλικούτων
867 1791 970 1870 δόξαις
987 1791 1108 1877 ἀνδρῶν
1123 1784 1304 1876 φιλοσόφων

208 1900 386 1980 ῶντιπεσεΐν,
406 1897 583 1986 δμόρτυρόν
597 1925 630 1965 τε
645 1898 702 1983 τὴν
717 1897 794 1984 παρ’
811 1895 922 1962 ἑαυτοῦ
936 1902 1173 1982 παρεισαγαγεῖν.
1201 1897 1302 1954 ταῦτα

207 2003 266 2090 γὰρ
279 2013 348 2078 ταῖς
362 2009 425 2068 τῶν
437 2009 569 2084 πολλῶν,
585 2009 704 2085 μᾶλλον
718 2003 751 2066 di
764 2007 826 2066 τῶν
839 1996 960 2066 πάντων
967 1994 1071 2092 δόξαις
1086 1989 1297 2078 ἀντεισαγόμε-
1307 2003 1341 2058 15
1421 1984 1422 1992 ¹

208 2131 258 2185 να,
273 2103 362 2186 μόλις
378 2104 416 2168 div
430 2109 481 2170 καί
496 2106 574 2187 μετιλ
590 2111 705 2186 πολλῆς
719 2107 933 2188 προσδεγδεΐεν
949 2108 1005 2184 τῆς
1021 2099 1201 2174 ἀποδείξεως
1214 2095 1300 2183 παρὰ

208 2200 314 2280 τυΐςεῦ
330 2202 423 2270 εἰδόσι
434 2212 533 2270 ταῦτα
547 2208 665 2290 κρίνειν.
682 2203 769 2268 dudi
782 2207 832 2269 καί
848 2206 880 2280 ἓξ
894 2201 1004 2289 ε’τῷων
1016 2207 1108 2289 τριῶν
1121 2197 1302 2266 διτοδίσεων

181 2303 320 2378 Βὲιιυτόν
334 2331 366 2370 τε
381 2307 431 2369 καί
443 2306 499 2391 τὴν
513 2304 661 2389 ἀλήθειαν
675 2298 773 2370 ὦπται
788 2303 1069 2392 παραλογισάμενος
1082 2306 1224 2370 ἐντεῦθεν
1237 2327 1303 2389 ρα-

209 2405 306 2496 νερόν.
339 2407 431 2473 εἲπολν
453 2409 511 2496 γὰρ
535 2405 703 2495 διαφόρους
725 2405 845 2496 χρόνων
867 2405 1030 2484 ἀποδόσεις
1051 2406 1128 2494 παρ’
1148 2403 1304 2492 Ἑβραίοις

210 2508 382 2598 εὖρηκίναι,
410 2512 466 2596 τὴν
486 2513 542 2596 μίν
562 2507 765 2596 πλήθουσαν,
792 2511 848 2596 τὴν
863 2512 897 2578 δὲ
912 2513 1108 2578 ἐλλείπουσαν
1115 2559 1126 2593 ,
1154 2505 1254 2597 ταότη
1268 2517 1343 2574 reto

278 2725 303 2781 1.
323 2722 380 2792 ἔτι]
400 2721 455 2779 ἔστι
472 2723 507 2776 G.
576 2702 747 2794 droonoaiporv
760 2725 792 2777 Β.
815 2721 974 2798 Διοσκόρων
989 2725 1025 2779 G.
1091 2721 1247 2791 ,serenatos
1265 2723 1304 2779 G.

328 2795 355 2848 ό.
378 2786 565 2862 παραδιδόασι
581 2795 614 2848 Β.
642 2791 851 2861 παραδιδόασιν
875 2797 911 2849 G.
946 2791 1175 2862 παραδεδώκασιν
1196 2793 1232 2848 G.

278 2865 305 2920 6.
322 2859 442 2930 igiturne
457 2861 581 2930 Scaliger.
651 2865 677 2918 8.
695 2865 812 2919 Ιλιακῶν
824 2881 857 2918 ιιι.
875 2867 1005 2923 Ηλιακῶν
1022 2863 1058 2917 G.
1128 2859 1169 2918 14.
1186 2859 1302 2930 nuos]

277 2927 368 2990 tiron
382 2935 414 2986 Α.
481 2931 571 2987 ταῦτα
587 2932 619 2990 Β.
634 2929 672 2988 soi
686 2933 722 2986 G.
791 2935 832 2989 15.
855 2937 930 3002 ταῖς]
947 2939 1007 2998 τοῖς
1023 2934 1058 2988 G.

209 3124 258 3192 lia,
276 3121 385 3176 (λιιόοτιι
400 3123 428 3174 et
445 3119 568 3185 Polluce,
585 3121 752 3190 Aesculapio,
768 3121 882 3188 Boccho,
898 3121 1077 3192 Heroibusque
1088 3121 1211 3186 omuibus,
1228 3121 1302 3176 Mar-

210 3191 282 3246 ourio
313 3207 412 3262 quoque
435 3199 463 3244 et
484 3189 618 3260 Apolline,
642 3191 796 3261 reliquisque
817 3191 975 3244 Graecorum
993 3191 1060 3254 diis,
1077 3193 1193 3256 nonnis,
1210 3191 1301 3255 sacris,

209 3261 323 3332 ipsisque
335 3261 438 3383 inrqper
455 3261 546 3313 aiore
566 3260 647 3330 gestis
665 3277 746 3330 supro
761 3259 859 3313 modurn
873 3277 889 3314 a
902 3261 1060 3314 Graecorum
1073 3277 1118 3313 ore
1140 3259 1300 3323 decantatia3

209 3330 300 3382 horum
314 3330 381 3400 siqui
399 3347 438 3384 ern
448 3329 555 3382 omniurn
568 3330 697 3382 historiam
714 3330 871 3383 Graecorum
883 3347 1006 3400 sequaoes
1019 3329 1142 3399 Cecropis
1154 3335 1239 3381 aetate
1250 3345 1299 3380 re-

210 3399 347 3452 oentioren'r
365 3399 506 3464 affirmant3
523 3399 641 3452 instituta
661 3415 722 3452 vero
749 3417 764 3452 a
781 3399 852 3452 nobis
867 3405 1005 3470 temporum
1021 3399 1099 3450 series
1111 3405 1138 3450 et
1151 3413 1233 3449 eorum
1249 3411 1297 3446 ao-

210 3477 299 3519 curata
313 3467 445 3536 dispositio
463 3468 572 3537 Cecropi
586 3477 677 3520 natura
694 3468 817 3538 ancipiti,
835 3485 907 3552 quern
925 3468 1031 3536 prirnum
1048 3475 1159 3519 auteres
1178 3465 1211 3516 ad
1222 3463 1298 3518 ilium

210 3543 298 3654 pestes
313 3551 392 3586 annos
406 3535 509 3588 circiter
521 3543 650 3588 trecentos
671 3545 701 3588 et
714 3539 899 3607 quinquaginta
911 3536 1014 3588 Atticae
1034 3535 1171 3606 imperasse
1190 3539 1296 3586 oouteu-

228 3602 265 3666 it,
282 3603 372 3656 Mosen
384 3610 546 3656 coaetaneum
559 3605 659 3656 asserit.

277 3687 346 3740 Sane
359 3687 523 3740 absurditatis
536 3687 627 3742 allatae
640 3687 689 3739 sibi
703 3687 899 3755 ipsiEusebiuro
910 3691 1000 3740 testem
1014 3705 1070 3742 esse
1082 3689 1158 3744 facile
1171 3687 1300 3750 coniiciei,

209 3753 255 3825 qni
275 3757 324 3810 alia
346 3755 436 3840 quavis
459 3755 617 3820 eruditione,
641 3763 693 3808 turn
710 3772 741 3808 ea
761 3755 880 3818 unanime,
897 3773 962 3824 quae
981 3756 1008 3808 in
1034 3760 1164 3812 veteribus
1187 3756 1301 3810 historiis

209 3825 376 3892 agnoscendis
387 3829 512 3886 versatur,
526 3823 617 3888 leviter
631 3825 711 3878 inerit
723 3825 839 3876 imbutus.
857 3825 940 3876 Unum
954 3825 1019 3878 euim
1032 3825 1080 3878 hoo
1092 3827 1223 3896 solumque
1238 3843 1300 3878 oon-

210 3891 324 3945 iutandis
336 3894 391 3946 eius
403 3893 506 3961 scriptis
517 3893 657 3958 sufficeret,
675 3891 741 3963 quod
753 3901 791 3944 tot
805 3891 973 3946 litteratorum
984 3894 1095 3948 virorum
1108 3896 1242 3950 sententiis
1254 3895 1302 3946 od·

210 3967 343 4024 versetur,
362 3979 484 4032 suumque
498 3961 578 4029 ipsius
594 3973 757 4016 commentum
772 3961 838 4013 nulio
852 3963 957 4030 antiquo
969 3964 1112 4017 testimonio
1126 3966 1259 4034 probatum
1273 3964 1301 4016 in

211 4027 318 4084 ruediunr
332 4027 457 4083 intrudat.
492 4029 568 4084 Dicta
586 4033 681 4111 quippe
702 4030 825 4100 plurium,
843 4031 892 4082 into
916 4049 976 4084 vero
1001 4043 1145 4087 cunctorum
1167 4031 1302 4086 sententiis

211 4095 339 4166 opposita,
358 4095 402 4148 rix
417 4115 447 4150 ac
458 4115 490 4150 ne
503 4098 548 4150 vix
561 4099 677 4168 quidem,
695 4099 745 4151 nisi
760 4097 845 4152 valido
863 4099 988 4152 rationurn
1004 4103 1233 4170 sgminoutipata,
1253 4101 1300 4154 ob-

211 4165 330 4229 trudere,
348 4181 410 4218 sano
424 4175 451 4219 et
462 4175 534 4220 recto
546 4165 638 4220 iudicio
650 4169 778 4221 utentibus
794 4167 820 4218 in
832 4185 901 4220 ruore
919 4169 1027 4238 positum
1041 4179 1089 4224 est
1124 4175 1160 4226 nt
1177 4188 1239 4224 vero
1252 4169 1301 4222 tri-

212 4235 307 4289 busex
322 4235 538 4304 argumentanti
556 4233 607 4304 ipsi
620 4237 774 4305 veritatique
790 4235 899 4290 voluisse
918 4239 1120 4303 summisere,
1137 4239 1229 4292 exinde
1247 4255 1300 4290 ua·

209 4305 339 4360 uitestum.
375 4303 438 4355 (λιιιι
452 4303 518 4358 enirn
533 4305 619 4358 varias
636 4321 714 4357 anuos
734 4305 880 4360 numerandi
902 4307 1014 4361 rationes
1035 4309 1068 4362 eb
1080 4307 1206 4362 Hebraeis
1226 4323 1301 4358 tranr-

213 4374 270 4444 psri
283 4381 309 4428 et
321 4389 397 4428 uueu
407 4371 508 4446 quiden
526 4374 666 4438 excedere,
684 4371 774 4438 dieu,
790 4390 865 4444 quau
879 4385 1002 4449 requuuu
1014 4383 1063 4442 est,
1079 4371 1190 4432 detioere
1201 4381 1300 4430 statue-
