2862 4702
443 363 825 434 ClfliONOGRAPHIA.
1105 359 1183 434 635

80 521 140 624 σόν
170 525 442 618 ἀπολογησάμενον
468 521 564 607 αόθις
588 529 637 594 ἐπί
656 527 713 613 τὴν
736 533 794 596 τοῢ
812 524 1006 617 νηρόγματος
1026 531 1183 600 διακονίαν

80 631 174 718 λόγος
197 632 255 716 ίχει
277 637 461 702 στείλασθαι
485 633 540 700 τόν
554 629 746 712 ἀπόστολον,
775 631 915 722 δεότερον
930 635 964 700 δέ
977 632 1127 718 ἐπιβάντα
1142 643 1182 724 τῇ

81 737 164 824 αὐτῇ
190 734 275 804 πόλει
297 745 343 829 τῷ
363 736 438 804 κατ’
455 736 550 803 αὐτόν
565 742 765 820 τελειωθῆναι
779 739 947 824 μορτορίῳ.
974 729 1044 828 ἐνῷ
1059 741 1185 822 δεσμοῖς

81 837 226 923 ἐχόμενος
263 842 321 926 τὴν
346 842 425 926 πρός
456 836 618 924 Τιμόθεον
646 839 792 924 θεοτίραν
821 839 982 924 ἐπιστολὴν
1010 840 1181 924 σοντόττει,

58 939 164 1025 δόμοῦ
182 945 340 1026 σημαίνων
356 944 413 1028 τὴν
425 943 580 1031 προτίραν
601 941 688 1032 αὐτῷ
709 942 870 1028 γενομένην
885 942 1051 1026 ἀπολογίαν
1064 948 1114 1012 καὶ
1126 945 1184 1032 τὴν

79 1045 169 1130 παρὰ
194 1045 293 1125 πόδας
305 1049 468 1114 τελείωσιν.
496 1048 585 1132 δίχοα
602 1045 642 1132 δὴ
657 1048 726 1134 περὶ
741 1043 861 1112 τούτων
875 1043 933 1122 τὰς
952 1044 1047 1110 αὐτοῦ
1060 1073 1180 1136 μαρτν-
1194 1063 1227 1120 P.
1243 1065 1296 1123 856

79 1151 161 1236 ρίας.
186 1149 219 1216 ἐν
235 1143 277 1236 ’τῇ
302 1147 410 1237 πρώτη
429 1175 509 1234 μου,
536 1151 650 1238 φησίν,
679 1149 829 1241 ἀπολογίᾳ
841 1147 941 1224 οὐδείς
955 1173 1009 1231 μοι
1026 1172 1183 1238 συμπαρε-

76 1253 200 1337 γίνετο,
229 1252 310 1320 ἀλλὰ
324 1249 435 1330 πάντες
447 1277 485 1337 με
501 1253 712 1339 ἐγκατέλιπον·
738 1251 783 1338 μὴ
798 1251 904 1328 αὐτοῖς
923 1253 1091 1337 λογισθείη.
1120 1251 1184 1322 ott

77 1351 187 1442 κόριός
211 1382 266 1439 μοι
289 1355 427 1443 παρίστη
448 1357 499 1423 καί
520 1352 734 1440 ἐνεόννόμωσί
750 1381 811 1440 με,
836 1358 890 1422 ἵνα
905 1354 949 1420 δι’
977 1354 1053 1438 ἐμοῦ
1071 1354 1107 1422 τό
1127 1354 1179 1438 κή-

39 1469 70 1518 10
79 1483 186 1544 ρυγμα
217 1465 447 1548 πληροφορηθῇ
472 1461 524 1524 καλ
550 1457 706 1526 εἰκοόσωσι
726 1457 829 1524 πάντα
849 1458 889 1524 τοὶ
903 1456 999 1542 ibon,
1028 1455 1183 1546 καέἐρρό-

75 1567 167 1645 σθην
184 1561 218 1626 ἐν
238 1559 392 1645 στόματος
415 1563 546 1640 λίοντος.
573 1569 684 1650 σοφῶς
702 1564 737 1628 δέ
755 1563 922 1650 παρίστησι
935 1560 987 1628 διό
1001 1557 1121 1630 τοότων
1136 1559 1184 1627 ότι

76 1662 120 1746 δὴ
139 1663 175 1728 τό
192 1661 359 1751 πρότερον,
389 1663 431 1742 ὥς
446 1663 485 1732 ἐόν
498 1665 535 1732 τό
553 1662 695 1752 κήρυγμα
711 1664 757 1732 δι’
773 1665 872 1732 αὐτοῦ
886 1670 1119 1754 πληροφορηθῇ
1133 1666 1185 1730 κοιλ

76 1763 237 1832 ἇκοόσενσι
263 1766 424 1834 πάντατὰ
447 1768 542 1854 ἐθνη,
570 1766 711 1855 ἐρρόσθη
731 1770 765 1836 ἐκ
781 1775 838 1836 τοῦ
867 1765 1023 1853 στόματος
1041 1768 1181 1844 λίοντος·

74 1869 135 1934 τόν
160 1870 293 1954 Νίροινα
321 1868 436 1958 ταότῃ,
465 1869 506 1948 ὥς
536 1870 630 1952 ibone,
659 1871 711 1940 διὰ
735 1871 772 1938 τό
796 1869 968 1956 ὠμόθαμον
997 1869 1181 1959 προσειπών.

40 1983 70 2038 15
79 1971 194 2037 minoio
210 1969 281 2056 ἑξῆς
294 1975 493 2060 προστίθεινε
505 1970 722 2061 παραπλήσιόν
737 2000 768 2040 τι
784 1975 821 2042 τό
829 2025 840 2056 ,
868 1971 997 2062 ῥόσεταί
1009 2001 1047 2058 με
1061 1975 1093 2038 ἐκ
1106 1971 1181 2040 orb·

79 2099 182 2156 ματος
206 2075 338 2154 λίοντος.
366 2074 448 2163 ἐώρα
469 2077 528 2164 γὰρ
543 2077 600 2162 τὴν
617 2077 704 2145 οόπον
718 2079 893 2162 μίλλοοσαν
907 2077 1004 2144 αὐτοῦ
1018 2075 1208 2160 τελεατήν·Β

78 2175 128 2244 διό
162 2202 240 2265 φησι
271 2183 323 2246 καί
350 2177 478 2268 ρόσεταί
498 2205 537 2264 με
556 2181 589 2245 ἐκ
617 2178 774 2264 στόματος
799 2181 922 2256 λίοντος
950 2177 966 2247 ό
991 2177 1095 2266 κόριος
1120 2179 1181 2246 ἀπὸ

76 2279 194 2358 παντὸς
214 2281 303 2368 ἐργοο
325 2289 482 2367 πονηροῦ,
511 2285 563 2350 καλ
591 2281 684 2352 σεόσει
707 2288 750 2361 είς
766 2284 824 2368 τὴν
838 2285 999 2368 βασιλείαν
1012 2283 1109 2348 αὐτοῦ
1125 2282 1182 2368 τὴν

78 2382 277 2472 ἐπουράνιον,
305 2389 463 2470 σημαίνων
485 2389 661 2474 παραυτίκα
674 2385 863 2474 μαρτόριον,
892 2386 976 2452 berni
990 2386 1181 2472 σαφίστερον

39 2487 110 2554 eote
126 2495 166 2576 τῇ
181 2488 261 2578 αὐτῇ
276 2490 412 2578 προλίγει
424 2495 530 2580 γραφῇ
545 2487 690 2579 φάσκων,
717 2493 769 2558 καὶ
783 2487 800 2557 ὃ
812 2489 920 2580 καιρός
931 2495 988 2575 τῆς
1004 2485 1181 2568 ἄναλόσεοίς

75 2615 138 2674 μον
151 2593 323 2681 ἐφίστηκεν.

145 2755 752 2892 iinbibi'ffbffiii.”⁰⁹‘oiiiii<if
767 2755 916 2894 &iiim
933 2755 1180 2891 mitiiiifit

204 2895 231 2946 t.
249 2895 284 2964 τῇ
295 2909 343 2947 om.
357 2893 388 2944 Β.
463 2897 488 2950 8.
507 2889 697 2962 ἐγκατέλειπον
706 2893 737 2948 Β.
813 2896 856 2952 14.
872 2893 961 2964 ταότη
973 2896 1005 2950 P.
1022 2896 1128 2964 ταύτην
1143 2897 1179 2948 G.

214 2961 257 3014 15.
279 2960 474 3026 προστέθεικεν
486 2963 519 3015 Β.
536 2961 724 3034 προστίθηιιεν
740 2963 776 3020 G.
870 2968 914 3022 16.
931 2951 1005 3038 timo
1021 2965 1075 3037 γὰρ
1091 2964 1180 3022 rddidi

148 3043 182 3084 ex
194 3028 226 3082 Β.
302 3031 346 3084 17.
363 3027 404 3099 ἐν]
421 3029 514 3086 interi
528 3031 564 3083 G.

77 3165 243 3238 praedicasse
255 3169 368 3220 tentetm
378 3171 426 3220 ert.
460 3167 503 3220 Eo
516 3171 631 3236 tempore
641 3183 719 3220 cenea
727 3185 773 3236 pro
786 3185 815 3221 ee
825 3183 927 3221 roreom
943 3169 1013 3223 ‹iictn
1027 3169 1060 3222 ed
1074 3168 1180 3238 proedi-

78 3237 188 3290 cetionie
202 3237 376 3302 ministerium,
394 3237 474 3302 aiunt,
487 3237 718 3304 epoetoioemiesur
733 3245 788 3300 eet;
806 3245 832 3289 et
844 3237 950 3288 eundem
965 3239 1052 3290 orbem
1066 3236 1179 3292 secondo

77 3316 201 3374 repetem
221 3307 248 3359 in
277 3324 309 3360 ee
331 3305 454 3376 martyrio
478 3307 530 3358 soit
549 3313 745 3363 consummator.
779 3305 806 3357 ie
825 3304 935 3358 tinnulis
958 3305 1040 3358 edbuo
1060 3307 1179 3360 detentor

79 3375 212 3442 epistolem
226 3375 258 3429 eri
271 3375 432 3457 Timotheum
444 3373 536 3428 scribit
550 3375 701 3436 recondam,
717 3375 743 3428 in
757 3391 832 3445 qoem
846 3373 958 3444 priorem
970 3393 1040 3430 eoem
1052 3376 1180 3429 defentio-

79 3459 136 3496 nem
155 3452 182 3498 et
202 3445 371 3499 imminentem
389 3463 404 3498 e
419 3444 475 3497 vite
492 3459 624 3497 excessum
648 3444 768 3499 insinuet
806 3443 904 3512 Accipe
926 3461 989 3497 vero
1008 3445 1122 3498 eioedem
1146 3446 1180 3501 de

78 3511 137 3565 istie
149 3515 304 3568 teetimonin.
340 3513 395 3578 „ln
410 3515 558 3568 defensione
574 3531 631 3567 mee
647 3511 773 3584 priore,”
793 3513 899 3574 scribit,
923 3513 1032 3577 „nullue
1050 3512 1113 3568 mibi
1132 3515 1179 3568 eri-

79 3581 139 3646 iuit,
158 3583 203 3636 eed
216 3601 301 3637 omnes
315 3601 355 3637 me
368 3581 570 3655 dereliquerunt.
595 3583 639 3636 Ne
649 3582 701 3636 illie
714 3585 862 3653 imputetur.
887 3581 1010 3636 Dominus
1023 3584 1086 3637 mihi
1099 3585 1181 3638 adsti-

79 3651 113 3701 tit
127 3659 155 3704 et
166 3653 322 3706 consumavit
339 3671 395 3718 me,
412 3663 443 3707 ot
465 3671 512 3724 per
535 3670 574 3706 me
593 3653 752 3746 oraedicatio
764 3653 902 3722 implentur
923 3661 951 3706 et
971 3653 1077 3708 audient
1096 3672 1181 3709 omnen

79 3727 178 3786 genter,
195 3739 227 3775 ex
241 3739 286 3774 ore
300 3721 381 3774 ieonie
394 3721 519 3776 liberatus
530 3737 593 3774 eum.
608 3720 616 3747 ’
651 3721 752 3785 Quibus
766 3739 827 3776 eone
841 3723 980 3792 praemiare
992 3723 1113 3793 liquidior
1126 3743 1180 3779 me-

79 3789 201 3854 nifestet3
218 3791 418 3861 pmedioetionie
430 3793 546 3846 nimirum
560 3792 658 3845 muneri
676 3790 837 3861 adimplendo
851 3801 878 3846 et
889 3793 1009 3862 gentibue
1023 3795 1123 3848 conctis
1136 3794 1181 3849 dei

80 3859 183 3912 verbum
200 3861 337 3913 edocendis
350 3879 407 3914 rere
421 3863 454 3916 de
469 3879 514 3914 ore
530 3861 610 3913 ieonie
624 3869 747 3932 ereptum.
784 3861 824 3914 Eo
840 3879 916 3930 porro
928 3861 1071 3928 vocabulo,
1087 3865 1114 3918 oi
1129 3865 1179 3919 iol-

79 3923 132 3991 ior,
152 3929 279 3982 Neronem
295 3937 402 3999 propter
418 3947 570 3984 communem
585 3931 689 3999 utrique
706 3927 784 3984 enimi
805 3929 964 3984 ferocitatem
982 3929 1112 4002 appellnt,
1129 3951 1180 4005 ραι

80 3993 113 4048 de
126 4014 205 4050 neuen
221 3997 302 4051 simile
317 3999 381 4066 quid
397 4001 542 4063 subinfert,
559 3999 682 4054 liberabit
695 4017 735 4052 me
748 3999 781 4052 de
800 4017 845 4053 ore
864 3999 961 4063 ἐναντίος
979 4002 1049 4054 vitoe
1070 4021 1180 4074 nomque

80 4067 210 4120 terminum
255 4067 406 4120 reevidebrt
425 4069 608 4122 imminentem
633 4086 665 4120 eo
684 4069 798 4132 idcirco,
822 4068 967 4132 ‚diberebit
983 4071 1062 4136 me,”
1085 4073 1180 4141 inquit,

81 4133 213 4194 „dominun
244 4156 258 4190 e
270 4154 315 4191 ore
328 4135 417 4202 leonio,
425 4139 458 4190 eb
467 4137 536 4192 omni
548 4138 700 4208 operemelo
713 4145 741 4190 et
748 4137 845 4191 sebum
859 4139 940 4192 feriet
951 4137 977 4191 in
989 4157 1093 4210 rognum
1106 4155 1179 4191 enum

83 4203 230 4269 coeleste;”
283 4223 360 4260 onon
376 4207 466 4290 procul
478 4207 578 4260 diotone
592 4207 741 4274 martyrium
760 4207 918 4273 declaravit,
936 4209 1005 4278 qnod
1022 4208 1180 4260 manifestior

82 4223 284 4396 ,θηριόῑρρρρίιλόέἐ
295 4275 433 4348 praedicit,
446 4277 561 4332 rcribenr
572 4275 599 4332 in
610 4275 676 4332 beer
689 4277 784 4332 verbor
795 4274 917 4350 „temone
930 4276 1096 4332 reuolutionie
1108 4289 1191 4366 meet*
