2862 4702
444 345 825 443 cmonoennenn.
1108 345 1180 418 νοτ

84 509 164 588 roric
180 503 395 598 ταλαιπώρους
422 505 610 594 ἀνθρώπους
633 509 809 597 ἀναγκάζει,
835 516 968 602 κατίχων
989 515 1211 608 ἀμφοτίραιςΒ

85 621 159 688 ταῖς
173 617 260 700 χερσί
278 613 336 690 τάς
357 619 414 680 τοῦ
434 611 586 694 λαβόντος
602 616 652 680 καὶ
668 613 714 699 μὴ
730 617 817 702 ἀράς
831 619 886 695 ἕως
902 620 939 686 ἀν
958 618 1122 702 ὂμνιίοντες
1139 622 1182 689 εἷ’.

84 741 172 782 πωσι
184 723 302 782 ταῦτα·
321 715 467 806 (τοῖςγάρ
484 718 597 782 ἐκείνου
609 715 766 804 χρήσομαι
779 715 892 804 λόγοις)
910 721 1023 804 όμοσόν
1037 752 1091 808 μοι
1103 727 1183 792 κατά

84 824 147 884 τοῦ
170 815 316 902 σώματος
338 823 389 886 καὶ
409 821 541 902 αίματος
556 826 611 884 τοῦ
626 823 733 905 κυριόυ
751 816 839 906 ἡμῶν
855 821 955 905 Ἰησοῦ
969 828 1109 911 Χριστοῦ
1120 855 1183 914 μη-

57 921 205 988 5ὁίποτέ
227 949 266 1006 με
292 929 469 988 καταλιπεῖν
494 926 543 988 καὶ
565 924 746 1008 ἐπιστρέψαι
772 924 850 1010 πρός
875 923 1056 1013 Κορνήλιον.
1091 934 1141 998 καὶ
1166 928 1184 998 ὃ

87 1023 202 1102 ἀθλιος
218 1025 386 1114 ἅνθρωπος
409 1026 446 1092 ori
470 1024 620 1112 πρότερον
637 1024 771 1112 γεάεται,
801 1030 828 1092 εί
851 1028 896 1112 μὴ
920 1025 1068 1116 πρότερον
1086 1029 1185 1124 ἑαυτῷ

86 1126 311 1214 καταράσαιτο.
347 1131 396 1194 καί
411 1128 477 1194 ἀντὶ
497 1136 552 1194 τοῦ
574 1133 665 1194 εἰπεῖν
679 1125 879 1212 λαμβάνοντα
898 1133 953 1197 τόν
968 1130 1063 1218 ἀρτον
1077 1133 1184 1202 ἐκεῖνον

83 1230 126 1296 τό
141 1231 244 1315 ἀμὴν,
272 1231 328 1298 οὐκ
343 1231 386 1298 ἔτι
406 1229 545 1316 ίπακήξω
565 1232 642 1317 πρὸς
656 1231 847 1319 Κορνήλιον,
876 1235 960 1320 λίγει.
999 1237 1109 1324 Φαβίῳ
1131 1238 1186 1318 μὲν

81 1332 147 1418 γὰρ
159 1333 341 1418 Ἀντιοχείας
351 1332 503 1424 ἓπισκάπην
512 1339 695 1419 χωλαι’νιιντι
710 1338 777 1421 περὶ
793 1335 944 1404 Ναυάτου
957 1333 1132 1424 Κορνήλιος
1146 1337 1186 1404 τά

32 1448 73 1502 10
83 1437 338 1522 προστεταγμένα
349 1440 399 1502 καὶ
414 1435 497 1514 ὅπως
512 1437 606 1504 αάτάν
622 1433 654 1504 oi
662 1443 769 1505 πολλοὶ
784 1438 1063 1525 καταλιμπάνοντες
1082 1447 1121 1528 τῇ
1135 1443 1185 1504 ε’κ-

83 1539 200 1628 κλησίρ
222 1541 441 1628 προσέτρεχον,
468 1540 601 1626 ἴγραψεν
630 1539 818 1626 ἀναγκαίως·
852 1545 885 1608 iv
914 1541 960 1620 οίς
980 1545 1030 1608 καί
1053 1541 1093 1608 ui
1116 1545 1213 1630 περὶῦ

81 1643 253 1718 Μωϋσίως
278 1649 334 1710 τοῦ
358 1647 512 1728 μακαρίου
538 1641 715 1731 μάρτυρος,
751 1642 834 1722 ὅπως
860 1643 955 1712 αὐτόν
980 1641 1186 1730 ἀκοινιάνητον

82 1745 211 1828 ἐποίησε
239 1745 294 1812 τόν
321 1749 471 1812 Ναυᾶτσν
494 1745 554 1832 πρὸ
582 1752 638 1812 τοῦ
666 1750 855 1834 μαρτυρίου,
890 1749 1060 1835 καταγνοάς
1087 1748 1184 1814 αὐτοῦ

80 1853 144 1930 τῆς
169 1846 388 1932 θρασύτητος,
416 1847 482 1932 ἅμα
497 1859 563 1925 τοῖς
584 1861 841 1934 συναποσχισταΐς
866 1851 961 1918 αὐτοῦ
982 1830 1070 1918 πίντε
1089 1875 1183 1939 πρεσ-

34 1966 70 2018 15
82 1950 246 2036 βυτίροις,
274 1955 423 2038 προσθείς
438 1954 469 2018 ἔν
482 1960 527 2042 τῷ
547 1952 624 2018 τίλει
640 1959 697 2036 τῆς
718 1955 877 2038 ίπιστολῇς
892 1961 954 2022 τῶν
969 1952 1183 2020 συνελθόντων

83 2055 121 2117 ἓν
140 2049 244 2141 Ῥώμη
272 2051 443 2121 ἐπισκόπων
465 2053 537 2121 κατ’
560 2054 656 2120 αὐτοῦ
678 2055 733 2124 τὸν
757 2054 927 2141 κατάλογον
951 2066 1081 2124 ποιεῖται
1107 2055 1180 2120 κατ’

83 2154 186 2238 ὄνομα
199 2159 249 2222 καὶ
260 2161 434 2245 παροικίαν,
448 2164 511 2224 τῶν
524 2184 556 2224 τε
570 2159 615 2244 μὴ
625 2155 837 2226 συνελθόντων
852 2156 904 2226 διά
918 2185 1004 2238 τινας
1018 2158 1185 2244 ἀναγκαίας

81 2255 292 2346 περιστάσεις,
320 2259 552 2346 εάάοκησάντων
573 2264 608 2328 ἀὲ
630 2259 805 2348 γράμμασιν
820 2265 938 2340 οἰκείοις
953 2269 992 2350 τῇ
1014 2265 1087 2354 θείρ
1109 2262 1180 2326 κατ’

82 2361 184 2426 αὐτοῦ
199 2365 303 2450 κρίσει.
340 2361 502 2430 ἀκόλουθα
517 2367 550 2432 tt
563 2361 685 2441 τοότοις
699 2368 748 2430 καὶ
765 2364 930 2444 Διοκάσιος
950 2363 967 2432 ό
988 2365 1082 2449 μίγας
1097 2363 1184 2430 Ἀλε-

33 2477 72 2532 20
82 2467 247 2547 ’ξανιλρείας
264 2463 365 2554 τσάτῳ
388 2467 493 2556 ταύτῷ
511 2469 621 2556 Φαβίῳ
643 2470 710 2553 περὶ
723 2471 887 2550 μετανοίας
900 2469 1083 2534 ἔπιστίλλων
1102 2465 1183 2552 μνή-

79 2591 145 2651 μης
161 2564 240 2650 όμοῦ
256 2572 306 2634 καί
321 2566 486 2652 θαόματος
502 2568 586 2648 άξιόν
603 2595 634 2636 τι
658 2573 863 2656 προστίθησι,
895 2571 974 2654 μετά
987 2569 1043 2654 τὴν
1056 2569 1211 2654 ἴναγχοςῐ)

80 2669 136 2735 ἀπ’
150 2670 377 2760 Ἀλεξανδρείας
389 2671 657 2762 μαρτυρησάντων
668 2676 719 2738 καὶ
741 2673 798 2758 τὴν
813 2673 922 2758 λοιπὴν
943 2673 1081 2760 ἱστορίαν
1099 2673 1183 2762 αὐτῷ

79 2771 210 2850 διεξιών.

154 2878 348 3020 ἓργίριρρροορνέ.
364 2881 480 2948 ἐκείνοις
492 2883 528 2936 G.
539 2955 554 2966 .
596 2881 687 2956 λόγοις
695 2885 751 2940 ΑΡ.
767 2882 854 2958 λόγων
862 2885 897 2940 G.
967 2887 1009 2942 11.
1023 2881 1142 2958 ἔγραψεν
1149 2885 1182 2940 Ρ.

81 3071 137 3126 qne
150 3051 257 3106 tradens
274 3051 403 3118 munibus,
429 3053 534 3106 miseros
549 3053 663 3108 homines
681 3057 868 3110 benedictionis
885 3055 940 3110 vice
954 3057 1119 3111 iuramentum
1136 3075 1181 3110 ex·
1257 3053 1259 3058 ’

80 3121 185 3194 poscit,
204 3139 235 3174 nc
250 3122 319 3174 inter
334 3123 452 3192 proprias
468 3122 630 3192 suscipientis
648 3125 761 3176 manibus
775 3124 901 3186 detentis,
924 3141 973 3177 non
988 3127 1094 3178 dimittit
1108 3127 1181 3195 prins

81 3193 147 3264 quin
156 3191 299 3244 iuramento
311 3191 464 3260 interposito
477 3193 541 3243 haec
555 3191 651 3245 suerint
666 3193 754 3244 effeti:
771 3191 850 3262 (ipsis
864 3191 928 3243 enim
937 3194 993 3244 eius
1006 3203 1065 3244 ntur
1079 3193 1180 3259 verbis)

80 3263 163 3326 „iure
175 3261 235 3312 mihi
248 3277 296 3332 per
310 3277 401 3331 corpus
416 3269 442 3313 et
454 3261 602 3329 sangninem
616 3261 708 3314 domini
722 3263 801 3312 nostri
822 3259 894 3322 iesu,
918 3267 944 3312 te
967 3277 1093 3332 nunquam
1112 3278 1127 3313 u
1142 3277 1181 3313 me

81 3329 255 3382 discessurum
274 3335 301 3383 ct
320 3330 353 3382 sd
376 3329 523 3382 Cornelium
545 3329 718 3382 rediturum.”
758 3329 851 3382 lnfeiin
873 3337 956 3382 autern
975 3329 1018 3381 iile
1039 3347 1087 3381 non
1108 3329 1181 3399 prins

81 3403 176 3452 sanctu
190 3399 296 3462 delibet,
313 3415 387 3468 quum
402 3417 430 3451 se
443 3399 523 3450 fuerit
536 3407 699 3463 exsecratum
717 3405 745 3452 et
761 3417 817 3451 cum
831 3397 1008 3468 suscipientem
1023 3399 1092 3451 iilum
1106 3415 1182 3469 opor·

81 3473 140 3519 teet
154 3465 257 3531 dicere,
274 3485 362 3532 umen,
381 3483 450 3530 „non
468 3477 587 3520 revertur
600 3470 633 3521 ud
648 3469 820 3531 Cornelium'’‚
838 3469 910 3519 dicit.
946 3467 1026 3520 Fabio
1041 3477 1112 3520 certe
1127 3473 1182 3520 An-

81 3536 212 3588 tiochensi
225 3537 355 3590 Nouatum
369 3537 458 3590 durius
473 3545 604 3608 exceptum
618 3539 721 3608 indigne
739 3535 850 3602 terenti,
875 3553 924 3588 non
944 3537 1017 3590 modo
1036 3553 1115 3607 supru
1128 3553 1181 3590 me·

80 3609 198 3672 morata,
217 3605 264 3658 sed
283 3613 310 3658 et
327 3623 380 3675 qnu
400 3607 513 3670 ratione,
532 3624 562 3660 eo
579 3607 686 3670 relicto,
724 3607 822 3676 letique
844 3607 1027 3676 confugerent,
1047 3606 1181 3658 Cornelius

81 3691 190 3726 necesse
209 3673 283 3727 duxit
302 3675 478 3740 scribendum,
497 3693 528 3728 οο
542 3677 615 3728 simul
629 3623 786 3746 praecinmm
799 3677 830 3729 B.
842 3677 962 3744 martyris
984 3676 1066 3729 Musis
1082 3676 1182 3729 facinus

80 3741 193 3804 attexit,
209 3751 239 3794 ut
259 3743 374 3796 nimirum
393 3761 409 3796 u
425 3745 596 3798 communione
616 3763 672 3798 cnm
692 3746 796 3798 Novato
817 3745 935 3798 dumnutu
959 3751 1013 3796 tum
1034 3744 1104 3808 eius,
1128 3753 1181 3799 tum

81 3810 196 3880 quinque
210 3813 414 3881 presbyterorum
428 3815 605 3867 rescissionem
619 3815 674 3867 eius
693 3815 832 3867 foventium
846 3813 1005 3877 temeritate,
1023 3831 1079 3866 sese
1097 3815 1180 3882 ipsum

80 3878 206 3946 martyrio
218 3879 267 3931 ium
281 3881 410 3948 proximus
425 3883 585 3952 segregarit3
602 3901 710 3936 necnon
722 3883 749 3936 in
763 3885 843 3954 ipsius
857 3883 981 3952 epietoiue
995 3883 1066 3935 culce
1080 3883 1182 3952 episco-

81 3965 173 4019 porum
198 3947 303 4002 Romam
323 3952 540 4016 convenientium,
570 3971 626 4006 cum
644 3953 744 4006 nomine
765 3963 817 4006 tum
838 3955 915 4006 etiem
936 3953 1070 4020 paroecias
1090 3953 1181 4005 ordine

81 4017 210 4086 cuiusque
232 4027 337 4073 servato
355 4022 503 4090 subiungit3
529 4022 668 4074 absentium
681 4027 816 4092 praetereo
831 4022 875 4092 qui
889 4022 957 4073 iusto
979 4027 1118 4092 praetextu
1133 4021 1181 4073 dc-

81 4087 162 4150 tenti,
181 4103 228 4157 pro
249 4087 295 4142 riis
309 4097 391 4142 tumen
407 4091 500 4142 litteris
515 4091 603 4143 diuino
617 4091 672 4143 eius
687 4091 783 4144 iudicio
797 4097 856 4143 sunt
871 4091 984 4156 susensi,
1008 4107 1098 4144 nomen
1113 4089 1180 4142 hund

81 4155 183 4208 reticet.
223 4103 294 4219 guin
314 4159 390 4211 etium
411 4159 467 4230 puri
486 4161 609 4213 orationis
634 4160 694 4212 stiio
721 4175 826 4227 mugnus
849 4159 987 4228 Dionysius
1010 4157 1178 4213 Alexandriae

81 4225 184 4292 praesui
198 4225 280 4277 Fabio
290 4227 372 4280 eidem
385 4229 417 4280 de
431 4229 589 4298 poenitentis
602 4230 732 4292 scribens,
749 4229 870 4281 memoria
887 4229 996 4281 simulet
1010 4227 1178 4280 admiratione

82 4307 133 4360 non
147 4293 275 4362 indignum
289 4313 342 4350 rem
356 4297 458 4360 subdit3
476 4315 615 4367 eorumque
630 4297 772 4350 nominibus
785 4307 812 4350 et
826 4298 932 4367 poenis,
950 4297 993 4365 qni
1007 4309 1097 4348 recent
1112 4305 1179 4340 mer·

81 4359 177 4428 tyrium
190 4363 363 4428 Alexandriae
376 4367 509 4432 obierunt,
526 4367 629 4432 relatis,
646 4366 769 4440 reliquam
783 4367 887 4437 insuper
901 4363 1002 4419 attexit
1014 4357 1153 4412 historin.
